<?xml version="1.0" encoding="UTF-8"?><collection><record><leader>08928ntm a2200589 a 4500</leader><controlfield tag="001">005989266</controlfield><controlfield tag="003">MiAaHDL</controlfield><controlfield tag="005">20190719000000.0</controlfield><controlfield tag="006">m        d        </controlfield><controlfield tag="007">cr bn ---auaua</controlfield><controlfield tag="008">090407s1701    tu            00| ||ara d</controlfield><datafield tag="035" ind1=" " ind2=" "><subfield code="a">(MiU)005989266</subfield></datafield><datafield tag="035" ind1=" " ind2=" "><subfield code="a">sdr-miu005989266</subfield></datafield><datafield tag="040" ind1=" " ind2=" "><subfield code="a">MiU</subfield><subfield code="c">MiU</subfield><subfield code="e">amremm</subfield></datafield><datafield tag="043" ind1=" " ind2=" "><subfield code="a">n-us-mi</subfield></datafield><datafield tag="100" ind1="1" ind2=" "><subfield code="6">880-01</subfield><subfield code="a">Ḥalabī, Ibrāhīm ibn Muḥammad,</subfield><subfield code="d">-1549 or 1550.</subfield></datafield><datafield tag="245" ind1="1" ind2="0"><subfield code="6">880-03</subfield><subfield code="a">[Mukhtaṣar Ghunyat al-mutamallī,</subfield><subfield code="f">1113, i.e. 1701].</subfield></datafield><datafield tag="246" ind1="3" ind2=" "><subfield code="i">Title from inscription on front flyleaf:</subfield><subfield code="a">هذا كتاب ابراهيم الحلبي</subfield></datafield><datafield tag="246" ind1="3" ind2=" "><subfield code="i">Edge title:</subfield><subfield code="a">حلبي</subfield></datafield><datafield tag="260" ind1=" " ind2=" "><subfield code="a">[Istanbul?,</subfield><subfield code="c">1701].</subfield></datafield><datafield tag="300" ind1=" " ind2=" "><subfield code="a">155 leaves :</subfield><subfield code="f">paper ;</subfield><subfield code="c">218 x 135 (157 x 63) mm. bound to 220 x 140 mm.</subfield></datafield><datafield tag="500" ind1=" " ind2=" "><subfield code="a">Shelfmark: Ann Arbor, University of Michigan, Special Collections Library, Isl. Ms. 51</subfield></datafield><datafield tag="500" ind1=" " ind2=" "><subfield code="a">Origin: As appears in colophon on fol.154 (p.308), copied by ʻAlī ibn Muṣṭafá, imām at what appears to be the mosque of Fatih Sultan Mehmet (Mehmed II) in Istanbul (where al-Ḥalabī had himself been imām years earlier). Transcription finished in the first part of Rajab 1113 [December 1701]. Collated with and transcribed from the copy of al-Shaykh Sulṭān ʻAlī al-Qāriʼ.</subfield></datafield><datafield tag="500" ind1=" " ind2=" "><subfield code="a">Accompanying materials: Bifolium (including the 'title page' and incipit page) from a ms. copy of Imāmʹzādah's Shirʻat al-Islām slipped inside the lower cover (paginated pp.315-318).</subfield></datafield><datafield tag="500" ind1=" " ind2=" "><subfield code="a">Former shelfmark: British Museum, London "No. 94. Ghunyat al-mutamalli." ; likely former shelfmark in black ink, Hindu-Arabic numerals, on head edge of textblock, quite illegible.</subfield></datafield><datafield tag="500" ind1=" " ind2=" "><subfield code="a">Binding: Pasteboards covered in dark brown leather, envelope flap in deep maroon leather and repairs in various other leathers ; Type II binding (with flap) ; pastedowns and flyleaves in pink surface-tinted and gold or silver flecked (?) paper ; interior of fore edge flap in red leather ; upper and lower covers carry blind-stamped and red and gold-painted scalloped central mandorla filled with floral vegetal composition, along with roll border in a series of s-shaped stamps ; sewn in dark blue or black thread, two stations ; endbands virtually gone, only traces of primaries and core remain for each ; in poor condition with much staining, abrasion, lifting of leathers, minor pest damage, some spine slant (cocked), upper cover detaching, etc.</subfield></datafield><datafield tag="500" ind1=" " ind2=" "><subfield code="a">Support: European laid paper with 14 laid lines per cm. (vertical) and chain lines spaced 20-23 mm. apart (horizontal) ; watermark of grapes with band and crown above ; fol.132-fol.141 (pp.264-282) supplied on different European paper, very highly burnished to glossy with 11 laid lines per cm. (vertical) and chain lines spaced 28-30 mm. apart (horizontal).</subfield></datafield><datafield tag="500" ind1=" " ind2=" "><subfield code="a">Decoration: Illuminated headpiece (ʻunwān) on fol.2b (p.4), badly stained and obscured, consisting of rectangular piece surmounted by w-shaped piece ; rectangular piece (in gold with blue border) now empty ; w-shaped piece carries floral vegetal design in white, lavender, pink, orange, and green on a field of gold, surmounted by vertical stalks (tīgh) in blue with red accents, and surrounded by well in red with white cross and dot pattern ; written area surrounded by frame consisting of gold band with black fillets ; keywords, section headings, and notabilia (side-heads) rubricated ; overlining in red of text being commented upon ; textual divders in the form of red discs, three dots, etc.</subfield></datafield><datafield tag="500" ind1=" " ind2=" "><subfield code="a">Script: Naskh ; elegant Ottoman hand ; occasional left sloping head-serifs on alif ; slight effect of tilt to the left ; many open counters ; bar of kāf (shaqq) elongated in somewhat exaggerated fashion ; many descenders majmūʻah ; fol.132-fol.141 (pp.264-282) supplied in different hand, also an elegant Ottoman naskh, quite rounded and freely ligatured.</subfield></datafield><datafield tag="500" ind1=" " ind2=" "><subfield code="a">Layout: Written in 25 lines per page ; frame-ruled.</subfield></datafield><datafield tag="500" ind1=" " ind2=" "><subfield code="a">Collation: ii, III (6), I+1 (9), IV (17), V+1 (28), 9 V(118), III+2 (126), VI (138), I+1 (141), 2 II (149), III (155), ii ; chiefly quinions ; final leaf left blank ; catchwords present ; foliation in red ink, Hindu-Arabic numerals, begins with ٥ on page facing incipit page and ends with ۱٥٧ ; pagination in pencil, Western numerals, supplied during digitization (includes some flyleaves and insert).</subfield></datafield><datafield tag="500" ind1=" " ind2=" "><subfield code="a">Colophon: "Scribal," rectangular, reads: "هذه النسخة قوبلت ثم كتبت من نسخة الشيخ سلطان علي القارئ عليه رحمة الباري الحمد لله الذي بنعمته تتم الصالحات وتنزل البركات وقد وقع الفراغ من تحرير هذا الكتاب يوم الاربعاء في اول رجب من سنة ثلث عشرة ومائة والف على يد عبد الفقير المحتاج الى غفران ربه القدير علي بن مصطفى الامام في جامع ابو الفتح سلطان محمد خان في قلقه بوغازكن [؟] غفر الله له ولوالديه ولكل المسلمين والمسلمات والمؤمنين والمؤمنات اجمعين"</subfield></datafield><datafield tag="500" ind1=" " ind2=" "><subfield code="a">Explicit: "لان يلقي الله تعالى ومهرها في ذمتها خير له من ان يطأ امرأة لا تصلي قال الله تعالى وامر اهلك بالصلوة واصطبر عليها لا نسألك رزقا نحن نرزقك والعقابة للتقوى ونسأل الله تعالى حسن العقابة ... وله الحمد اولا واخرا وباطنا وظاهرا وسرا وعلانية على كل حال وصلى الله على سيدنا محمد واله وصحبه وسلم دائما متصلا الى يوم الحشر والمآب"</subfield></datafield><datafield tag="500" ind1=" " ind2=" "><subfield code="a">Incipit: "الحمد لله الذي جعل العبادة مفتح السعادة ومطمح السيادة وملمح الحسنى والزيادة ... وبعد فيقول العبد المفتقر الى رحمة ربه الغني ابراهيم بن محمد بن ابراهيم الحلبي قد كنت شرحت كتاب منية المصلي شرحا وسميته بغنية المتملي لكن رأيت فيه بعض الاطالة التي ربما اوجبت للمبتدئين والقاصرين الملالة فاحببت ان اختصر من فرائد دلائله وازيد في فوائد مسائله تسهيلا للطالبين وتنويلا للراغبين ..."</subfield></datafield><datafield tag="500" ind1=" " ind2=" "><subfield code="a">Title suppled by cataloguer.</subfield></datafield><datafield tag="500" ind1=" " ind2=" "><subfield code="a">Ms. codex.</subfield></datafield><datafield tag="510" ind1="4" ind2=" "><subfield code="a">Brockelmann, C. GAL,</subfield><subfield code="c">SI, 659-660</subfield></datafield><datafield tag="520" ind1="8" ind2=" "><subfield code="a">Fine copy of al-Ḥalabī's abridgement of his own commentary on the Munyat al-muṣallī by Sadīd al-Dīn Kashgharī, addressing matters of ablution and ritual prayer. Opens with biographical sketch and table of contents on fol.1a-1b (p.1-2).</subfield></datafield><datafield tag="538" ind1=" " ind2=" "><subfield code="a">Mode of access: Internet.</subfield></datafield><datafield tag="541" ind1=" " ind2=" "><subfield code="c">Purchase ;</subfield><subfield code="a">Acquired by purchase along with Abdul Hamid Collection (funds donated by Horace Rackham).</subfield><subfield code="d">1924.</subfield></datafield><datafield tag="546" ind1=" " ind2=" "><subfield code="a">Arabic.</subfield></datafield><datafield tag="561" ind1=" " ind2=" "><subfield code="a">Bookplate of British Museum, London on interior of upper cover, "British Museum, London. No. 94. Ghunyat al-mutamalli." ; circular seal impression with figure of goat/gazelle in purple ink as well as inscription "138" in Western numerals on front flyleaf ; on blue-tinted paper pasted on fol.2a (p.3) (as well as repeated beside pasted slip), a detailed waqf statement in the name of al-Sayyid ʻAbd Allāh Adīb (Abdullah Edip), known as Jannatʹzādah (Cennet-zade), qāḍī of Erzurum, accompanied by his seal, reads: "وقفت وقفا صحيحا شرعيا بشرط ان لا يخرج من بيت الكتب الملتصق بداري الا لعلماء سكنوا بارضروم بكفيل مرعى اورهن قوي وانا الفقير السيد عبد الله اديب الشهير بجنت زاده القاضي بمدينة ارضروم في سنة اثنى وستين ومائتين والف" along with occasional inscription "وقف جنت زاده" in inner or outer margins of text (see fol.18a/p.35, etc.) ; numerous notabilia (side-heads) throughout, often rubricated ; occasional marginal corrections and glosses.</subfield></datafield><datafield tag="600" ind1="1" ind2="0"><subfield code="a">Kashgharī, Sadīd al-Dīn,</subfield><subfield code="d">active 13th century?</subfield><subfield code="t">Munyat al-muṣallī wa-ghunyat al-mubtadiʼ.</subfield></datafield><datafield tag="650" ind1=" " ind2="0"><subfield code="a">Manuscripts, Arabic</subfield><subfield code="z">Michigan</subfield><subfield code="z">Ann Arbor.</subfield></datafield><datafield tag="650" ind1=" " ind2="0"><subfield code="a">Hanafites</subfield><subfield code="v">Early works to 1800.</subfield></datafield><datafield tag="650" ind1=" " ind2="0"><subfield code="a">Purity, Ritual</subfield><subfield code="x">Islam</subfield><subfield code="v">Early works to 1800.</subfield></datafield><datafield tag="650" ind1=" " ind2="0"><subfield code="a">Prayer</subfield><subfield code="x">Islam</subfield><subfield code="v">Early works to 1800.</subfield></datafield><datafield tag="655" ind1=" " ind2="7"><subfield code="a">Headpieces (layout features)</subfield><subfield code="y">18th century.</subfield><subfield code="2">aat</subfield></datafield><datafield tag="700" ind1="0" ind2=" "><subfield code="6">880-05</subfield><subfield code="a">ʻAlī ibn Muṣṭafá,</subfield><subfield code="d">fl.1701,</subfield><subfield code="e">scribe.</subfield></datafield><datafield tag="773" ind1="0" ind2=" "><subfield code="a">Tiflis Collection.</subfield></datafield><datafield tag="880" ind1="0" ind2=" "><subfield code="6">700-05/</subfield><subfield code="a">علي بن مصطفى،</subfield><subfield code="e">ناسخ.</subfield></datafield><datafield tag="880" ind1="1" ind2="0"><subfield code="6">245-03/</subfield><subfield code="a">[مختصر غنية المتملي,</subfield><subfield code="f">1113ه, 1701م].</subfield></datafield><datafield tag="880" ind1="1" ind2=" "><subfield code="6">100-01/</subfield><subfield code="a">حلبي، ابراهيم بن محمد.</subfield></datafield><datafield tag="CID" ind1=" " ind2=" "><subfield code="a">005989266</subfield></datafield><datafield tag="DAT" ind1="0" ind2=" "><subfield code="a">20190719102634.0</subfield><subfield code="b">20190719000000.0</subfield></datafield><datafield tag="DAT" ind1="1" ind2=" "><subfield code="a">20190719090653.0</subfield><subfield code="b">2019-07-19T16:11:09Z</subfield></datafield><datafield tag="DAT" ind1="2" ind2=" "><subfield code="a">2015-10-02T18:00:03Z</subfield></datafield><datafield tag="CAT" ind1=" " ind2=" "><subfield code="a">SDR-MIU</subfield><subfield code="d">EX LIBRIS - ALEPH</subfield><subfield code="l">prepare.pl-004-008</subfield></datafield><datafield tag="FMT" ind1=" " ind2=" "><subfield code="a">BK</subfield></datafield><datafield tag="HOL" ind1=" " ind2=" "><subfield code="0">sdr-miu005989266</subfield><subfield code="a">MiU</subfield><subfield code="b">SDR</subfield><subfield code="c">MIU</subfield><subfield code="p">mdp.39015079105568</subfield><subfield code="s">MIU</subfield><subfield code="1">005989266</subfield></datafield><datafield tag="974" ind1=" " ind2=" "><subfield code="b">MIU</subfield><subfield code="c">MIU</subfield><subfield code="d">20190719</subfield><subfield code="s">lit-dlps-dc</subfield><subfield code="u">mdp.39015079105568</subfield><subfield code="y">1701</subfield><subfield code="r">pd</subfield><subfield code="q">bib</subfield><subfield code="t">non-US bib date1 &lt; 1896</subfield></datafield></record></collection>